@article{brooks,
    title = "No Silver Bullet â€” Essence and Accident in Software Engineering",
    author = "Frederick P. Brooks, Jr.",
    year = "1986",
    keywords = "software"
}
@article{naur,
    title = "Programming as Theory Building",
    author = "Peter Naur",
    year = "1985",
    keywords = "programming"
}
@phdthesis{pawson,
    title = "Naked objects",
    author = "Richard Pawson",
    year = "2004",
    institution = "University of Dublin, Trinity College",
    keywords = "software"
}
@book{ddd,
    title = "Domain-Driven Design: Tacking the Complexity in the Heart of Software",
    author = "Eric Evans",
    isbn = "9780321125217",
    year = "2003",
    publisher = "Pearson Education (US)"
}
@book{CMofIS,
    title = "Conceptual Modeling of Information Systems",
    author = "Antoni Olive",
    isbn = "9780321125217",
    year = "2007",
    publisher = "Springer"
}
@article{hazzan,
    title = "Qualitative Research in Software Engineering",
    author = "Orit Hazzan, Yael Dubinsky",
    institution= "Technion, Haifa 32000, Israel",
    year = "2014"
}
@article{moseley,
    title = "Out of the Tar Pit",
    author = "Ben Moseley, Peter Marks",
    year = "2006"
}
@online{cSharp-nameof, 
    title = "nameof expression (C\# reference)",
    author = "Microsoft",
    url = "https://docs.microsoft.com/en-us/dotnet/csharp/language-reference/operators/nameof"
}
@online{cSharp-props, 
    title = "Properties (C\# Programming Guide)",
    author = "Microsoft",
    url = "https://docs.microsoft.com/en-us/dotnet/csharp/programming-guide/classes-and-structs/properties"
}
@online{jls,
    title = "The Java Language Specification",
    author = "James Gosling, Bill Joy, Guy Steele, Gilad Bracha, Alex Buckley",
    date = "2015-02-13",
    url = "https://docs.oracle.com/javase/specs/jls/se8/jls8.pdf"
}
@online{java,
    title = "Java",
    organization = "Oracle",
    url = "https://www.java.com"
}
@online{nameof-strange,
    title = "Java alternative to nameOf operator",
    author = "Yuriy Artamonov",
    url = "https://github.com/strangeway-org/nameof"
}
@online{nameof-mobius,
    title = "A Java library to programmatically return the name of fields similar to the C\# nameof expression",
    author = "Florian Frankenberger",
    url = "https://github.com/mobiuscode-de/nameof"
}
@online{lombok,
    title = "Project Lombok",
    url = "https://projectlombok.org/"
}
@online{lombok-fig,
    title = "Project Lombok: Creating Custom Transformations",
    author = "neildo",
    date = "2011-01-06",
    url = "https://notatube.blogspot.com/2010/12/project-lombok-creating-custom.html"
}
@online{lombok-fnc,
    title = "@FieldNameConstants",
    author = "Project Lombok",
    url = "https://notatube.blogspot.com/2010/12/project-lombok-creating-custom.html"
}
@online{jpa,
    title = "The Java Persistence API",
    author = "Rahul Biswas, Ed Ort",
    date = "May 2006",
    url = "https://www.oracle.com/technical-resources/articles/java/jpa.html"
}
@online{hmg,
    title = "Hibernate JPA 2 Metamodel Generator",
    author = "Hardy Ferentschick",
    date = "2010-03-10",
    url = "https://docs.jboss.org/hibernate/jpamodelgen/1.0/reference/en-US/html_single/"
}

